
@article{ nebel:jair-2000,
  author = "Bernhard Nebel",
  title = "On the compilability and expressive power of propositional planning formalisms",
  journal = "Journal of Artificial Intelligence Research",
  volume = "12",
  pages = "271--315",
  year = "2000"
}

@INPROCEEDINGS{Thiebaux03indefense:jair,
    author = "Sylvie Thiebaux and Joerg Hoffmann and Bernhard Nebel",
    title = "In defense of PDDL axioms",
    booktitle = "In Proceedings of the Eighteenth International Joint Conference on Artificial Intelligence (IJCAI-03",
    year = "2003",
    pages = "961--966",
    publisher = "Morgan Kaufmann"
}

@ARTICLE{hoffmann:ff,
    author = {Jorg Hoffmann},
    title = {FF: The fast-forward planning system},
    journal = {The AI Magazine},
    year = {2001},
    volume = {22},
    pages = {57--62}
}
@inproceedings{roeger:kr,
  author    = {Gabriele R{\"o}ger and
               Malte Helmert and
               Bernhard Nebel},
  title     = {On the Relative Expressiveness of ADL and Golog: The Last
               Piece in the Puzzle},
  booktitle = {KR},
  year      = {2008},
  pages     = {544-551},
  crossref  = {DBLP:conf/kr/2008},
  bibsource = {DBLP, http://dblp.uni-trier.de}
}

@inproceedings{roeger:aaai,
  author    = {Gabriele R{\"o}ger and
               Bernhard Nebel},
  title     = {Expressiveness of ADL and Golog: Functions Make a Difference},
  booktitle = {AAAI},
  year      = {2007},
  pages     = {1051-1056},
  crossref  = {DBLP:conf/aaai/2007},
  bibsource = {DBLP, http://dblp.uni-trier.de}
}
@misc{love:ggp,
  title={{General Game Playing: Game Description Language Specification}},
  author={Love, N. and Hinrichs, T. and Genesereth, M.},
  publisher={Technical Report LG-2006-01, Stanford Logic Group, April 2006}
}

@inproceedings{fluxplayer:aaai07,
author = {Stephan Schiffel and Michael Thielscher},
title = {Fluxplayer: A Successful General Game Player},
year = {2007},
pages = {1191--1196},
booktitle = {AAAI '07: Proc. 22nd AAAI Conf. Artificial Intelligence},
month = jul,
address = {Vancouver, Canada},
publisher = {AAAI Press},
}

